@book{tanenbaum2010,
  author = {Tanenbaum, Andrew S. and Wetherall, David J.},
  title = {Computer Networks},
  year = {2010},
  isbn = {0132126958, 9780132126953},
  edition = {5th},
  publisher = {Prentice Hall Press},
  address = {Upper Saddle River, NJ, USA},
} 

@book{comer2000,
  author = {Comer, Douglas E.},
  title = {Internetworking with TCP/IP, Volume 1: Principles, Protocols, and Architectures, Fourth Edition},
  year = {2000},
  isbn = {0130183806},
  edition = {4th},
  publisher = {Prentice Hall PTR},
  address = {Upper Saddle River, NJ, USA},
} 

@book{kurose2012,
  author = {Kurose, James F. and Ross, Keith W.},
  title = {Computer Networking: A Top-Down Approach (6th Edition)},
  year = {2012},
  isbn = {0132856204, 9780132856201},
  edition = {6th},
  publisher = {Pearson},
} 
